[gd_scene load_steps=14 format=2]

[ext_resource path="res://scripts/ReactorScene.gd" type="Script" id=1]
[ext_resource path="res://assets/nuclear_building.jpg" type="Texture" id=2]
[ext_resource path="res://scripts/Camera.gd" type="Script" id=3]
[ext_resource path="res://scripts/ExitButton.gd" type="Script" id=4]
[ext_resource path="res://scenes/RightPanel.tscn" type="PackedScene" id=5]
[ext_resource path="res://scenes/ProgressBar.tscn" type="PackedScene" id=6]
[ext_resource path="res://scenes/ScenePreview.tscn" type="PackedScene" id=7]
[ext_resource path="res://font/Alegreya-Black.otf" type="DynamicFontData" id=8]
[ext_resource path="res://scripts/RichTextLabel.gd" type="Script" id=9]

[sub_resource type="PanoramaSky" id=1]

radiance_size = 4
panorama = ExtResource( 2 )

[sub_resource type="Environment" id=2]

background_mode = 2
background_sky = SubResource( 1 )
background_sky_custom_fov = 0.0
background_color = Color( 0, 0, 0, 1 )
background_energy = 1.0
background_canvas_max_layer = 0
ambient_light_color = Color( 0.954928, 0.957031, 0.687866, 1 )
ambient_light_energy = 0.2
ambient_light_sky_contribution = 1.0
fog_enabled = false
fog_color = Color( 0.5, 0.6, 0.7, 1 )
fog_sun_color = Color( 1, 0.9, 0.7, 1 )
fog_sun_amount = 0.0
fog_depth_enabled = true
fog_depth_begin = 10.0
fog_depth_curve = 1.0
fog_transmit_enabled = false
fog_transmit_curve = 1.0
fog_height_enabled = false
fog_height_min = 0.0
fog_height_max = 100.0
fog_height_curve = 1.0
tonemap_mode = 0
tonemap_exposure = 1.0
tonemap_white = 1.0
auto_exposure_enabled = false
auto_exposure_scale = 0.4
auto_exposure_min_luma = 0.05
auto_exposure_max_luma = 8.0
auto_exposure_speed = 0.5
ss_reflections_enabled = false
ss_reflections_max_steps = 64
ss_reflections_fade_in = 0.15
ss_reflections_fade_out = 2.0
ss_reflections_depth_tolerance = 0.2
ss_reflections_roughness = true
ssao_enabled = false
ssao_radius = 1.0
ssao_intensity = 1.0
ssao_radius2 = 0.0
ssao_intensity2 = 1.0
ssao_bias = 0.01
ssao_light_affect = 0.0
ssao_color = Color( 0, 0, 0, 1 )
ssao_quality = 0
ssao_blur = 3
ssao_edge_sharpness = 4.0
dof_blur_far_enabled = false
dof_blur_far_distance = 10.0
dof_blur_far_transition = 5.0
dof_blur_far_amount = 0.1
dof_blur_far_quality = 1
dof_blur_near_enabled = false
dof_blur_near_distance = 2.0
dof_blur_near_transition = 1.0
dof_blur_near_amount = 0.1
dof_blur_near_quality = 1
glow_enabled = false
glow_levels/1 = false
glow_levels/2 = false
glow_levels/3 = true
glow_levels/4 = false
glow_levels/5 = true
glow_levels/6 = false
glow_levels/7 = false
glow_intensity = 0.8
glow_strength = 1.0
glow_bloom = 0.0
glow_blend_mode = 2
glow_hdr_threshold = 1.0
glow_hdr_scale = 2.0
glow_bicubic_upscale = false
adjustment_enabled = false
adjustment_brightness = 1.0
adjustment_contrast = 1.0
adjustment_saturation = 1.0
_sections_unfolded = [ "Ambient Light", "Background" ]

[sub_resource type="DynamicFont" id=3]

size = 100
use_mipmaps = false
use_filter = false
font_data = ExtResource( 8 )
_sections_unfolded = [ "Font", "Settings" ]

[sub_resource type="Theme" id=4]

default_font = SubResource( 3 )
RichTextLabel/colors/default_color = Color( 0.84375, 0, 0, 1 )
RichTextLabel/colors/font_color_selected = Color( 0.490196, 0.490196, 0.490196, 1 )
RichTextLabel/colors/selection_color = Color( 0.1, 0.1, 1, 0.8 )
RichTextLabel/constants/line_separation = 1
RichTextLabel/constants/table_hseparation = 3
RichTextLabel/constants/table_vseparation = 3
RichTextLabel/fonts/bold_font = null
RichTextLabel/fonts/bold_italics_font = null
RichTextLabel/fonts/italics_font = null
RichTextLabel/fonts/mono_font = null
RichTextLabel/fonts/normal_font = null
RichTextLabel/styles/focus = null
RichTextLabel/styles/normal = null
_sections_unfolded = [ "RichTextLabel", "RichTextLabel/colors", "RichTextLabel/fonts", "RichTextLabel/styles" ]

[node name="ReactorScene" type="Spatial" index="0"]

script = ExtResource( 1 )

[node name="WorldEnvironment" type="WorldEnvironment" parent="." index="0"]

environment = SubResource( 2 )

[node name="Camera" type="Camera" parent="." index="1"]

transform = Transform( 0.0411015, -0.208302, 0.977201, 0.00875355, 0.978064, 0.208118, -0.999117, 0, 0.0420233, 16.05, 4.96119, 0 )
keep_aspect = 1
cull_mask = 1048575
environment = null
h_offset = 0.0
v_offset = 0.0
doppler_tracking = 0
projection = 0
current = false
fov = 70.0
size = 1.0
near = 0.05
far = 100.0
script = ExtResource( 3 )

[node name="Button" type="Button" parent="Camera" index="0"]

anchor_left = 0.0
anchor_top = 0.0
anchor_right = 0.0
anchor_bottom = 0.0
margin_left = 36.0
margin_top = 955.0
margin_right = 314.0
margin_bottom = 1029.0
rect_pivot_offset = Vector2( 0, 0 )
rect_clip_content = false
focus_mode = 2
mouse_filter = 0
mouse_default_cursor_shape = 0
size_flags_horizontal = 1
size_flags_vertical = 1
toggle_mode = false
enabled_focus_mode = 2
shortcut = null
group = null
text = "Goulag"
flat = false
align = 1
script = ExtResource( 4 )

[node name="RightPanel" parent="Camera" index="1" instance=ExtResource( 5 )]

[node name="ProgressBar" parent="Camera" index="2" instance=ExtResource( 6 )]

[node name="ScenePreview" parent="Camera" index="3" instance=ExtResource( 7 )]

[node name="RichTextLabel" type="RichTextLabel" parent="Camera" index="4"]

anchor_left = 0.0
anchor_top = 0.0
anchor_right = 0.0
anchor_bottom = 0.0
margin_left = 203.0
margin_top = 85.0
margin_right = 423.0
margin_bottom = 246.0
rect_pivot_offset = Vector2( 0, 0 )
rect_clip_content = true
mouse_filter = 0
mouse_default_cursor_shape = 0
size_flags_horizontal = 1
size_flags_vertical = 1
theme = SubResource( 4 )
custom_colors/default_color = Color( 1, 1, 1, 1 )
custom_colors/selection_color = Color( 1, 1, 1, 1 )
custom_colors/font_color_selected = Color( 1, 1, 1, 1 )
bbcode_enabled = false
bbcode_text = ""
visible_characters = -1
percent_visible = 1.0
meta_underlined = true
tab_size = 4
text = "888"
scroll_active = true
scroll_following = false
selection_enabled = false
override_selected_font_color = false
script = ExtResource( 9 )
_sections_unfolded = [ "Theme", "Visibility", "custom_colors" ]

[node name="DirectionalLight" type="DirectionalLight" parent="." index="2"]

transform = Transform( 0.999771, -0.0213984, 0, 0.0213984, 0.999771, 0, 0, 0, 1, -36.0533, 69.3968, 0 )
layers = 1
light_color = Color( 1, 1, 1, 1 )
light_energy = 1.0
light_indirect_energy = 1.0
light_negative = false
light_specular = 0.5
light_bake_mode = 1
light_cull_mask = -1
shadow_enabled = false
shadow_color = Color( 0, 0, 0, 1 )
shadow_bias = 0.1
shadow_contact = 0.0
shadow_reverse_cull_face = false
editor_only = false
directional_shadow_mode = 2
directional_shadow_split_1 = 0.1
directional_shadow_split_2 = 0.2
directional_shadow_split_3 = 0.5
directional_shadow_blend_splits = false
directional_shadow_normal_bias = 0.8
directional_shadow_bias_split_scale = 0.25
directional_shadow_depth_range = 0
directional_shadow_max_distance = 200.0
_sections_unfolded = [ "Light" ]


